<?xml version="1.0" encoding="UTF-8"?><collection xmlns="http://www.loc.gov/MARC21/slim"><record><leader>00530nam--2200169-i-4500</leader><controlfield tag="001">000008541</controlfield><controlfield tag="002">20161230</controlfield><controlfield tag="005">20170222170143</controlfield><controlfield tag="008">060222s1000------------r-----000-0-eng-d</controlfield><datafield ind1=" " ind2=" " tag="080"><subfield code="a">533.9</subfield></datafield><datafield ind1=" " ind2=" " tag="100"><subfield code="a">Adam, Jean-Claude</subfield></datafield><datafield ind1=" " ind2=" " tag="245"><subfield code="a">Etude theorique des proprietes dues a la courbure dans les configurations toriques en magnetohydrodynamique</subfield></datafield><datafield ind1=" " ind2=" " tag="260"><subfield code="a">Saclay</subfield><subfield code="b">Service Central De Documentation Du C.E.A</subfield><subfield code="c">1968</subfield></datafield><datafield ind1=" " ind2=" " tag="300"><subfield code="a">53 p. + 16 Figuri</subfield></datafield><datafield ind1=" " ind2=" " tag="490"><subfield code="a">Raport Cea-r</subfield><subfield code="v">3490</subfield></datafield><datafield ind1=" " ind2=" " tag="852"><subfield code="a">13455</subfield></datafield><datafield ind1=" " ind2=" " tag="CAT"><subfield code="a">SYS</subfield><subfield code="c">20170222</subfield><subfield code="h">170143</subfield></datafield></record></collection>